@phdthesis{winfree_phd,
  title={Algorithmic self-assembly of DNA},
  author={Winfree, Erik},
  year={1998},
  school={California Institute of Technology}
}

@incollection{stage_assembly,
  title={Turing universality of step-wise and stage assembly at temperature 1},
  author={Behsaz, Bahar and Ma{\v{n}}uch, J{\'a}n and Stacho, Ladislav},
  booktitle={DNA Computing and Molecular Programming},
  pages={1--11},
  year={2012},
  publisher={Springer}
}

@inproceedings{cook_temp1,
  title={Temperature 1 self-assembly: Deterministic assembly in 3D and probabilistic assembly in 2D},
  author={Cook, Matthew and Fu, Yunhui and Schweller, Robert},
  booktitle={Proceedings of the Twenty-Second Annual ACM-SIAM Symposium on Discrete Algorithms},
  pages={570--589},
  year={2011},
  organization={SIAM}
}

@inproceedings{square_lb,
  title={The program-size complexity of self-assembled squares},
  author={Rothemund, Paul WK and Winfree, Erik},
  booktitle={Proceedings of the thirty-second annual ACM symposium on Theory of computing},
  pages={459--468},
  year={2000},
  organization={ACM}
}

@inproceedings{square_ub,
  title={Running time and program size for self-assembled squares},
  author={Adleman, Leonard and Cheng, Qi and Goel, Ashish and Huang, Ming-Deh},
  booktitle={Proceedings of the thirty-third annual ACM symposium on Theory of computing},
  pages={740--748},
  year={2001},
  organization={ACM}
}

@article{adleman94,
  title={Molecular computation of solutions to combinatorial problems},
  author={Adleman, Leonard M},
  journal={Science - New York then Washington},
  pages={1021--1024},
  year={1994},
  publisher={American Association for the Advancement of Science}
}

@article{feynman,
  title={There's plenty of room at the bottom},
  author={Feynman, Richard P},
  journal={Engineering and Science},
  volume={23},
  number={5},
  pages={22--36},
  year={1960},
  publisher={California Institute of Technology}
}

@article{lipton95,
  title={DNA solution of hard computational problems},
  author={Lipton, Richard J and others},
  journal={Science},
  volume={268},
  number={5210},
  pages={542--545},
  year={1995}
}

@article{lipton96speedup,
  title={Speeding up computations via molecular biology},
  author={Lipton, Richard J},
  journal={DNA Based Computers},
  volume={27},
  pages={67--74},
  year={1996},
  publisher={American Mathematical Society, Providence, RI}
}

@book{kozen06,
  title={Theory of computation},
  author={Kozen, Dexter},
  year={2006},
  publisher={Springer}
}

@article{seeman93,
  title={DNA double-crossover molecules},
  author={Fu, Tsu Ju and Seeman, Nadrian C},
  journal={Biochemistry},
  volume={32},
  number={13},
  pages={3211--3220},
  year={1993},
  publisher={ACS Publications}
}
